<?xml version="1.0" encoding="UTF-8"?><collection xmlns="http://www.loc.gov/MARC21/slim"><record><leader>00340nam--2200133-i-4500</leader><controlfield tag="001">000047495</controlfield><controlfield tag="002">20161230</controlfield><controlfield tag="005">20161230201046</controlfield><controlfield tag="008">060222s1000------------r-----000-0-eng-d</controlfield><datafield ind1=" " ind2=" " tag="080"><subfield code="a">546.98</subfield></datafield><datafield ind1=" " ind2=" " tag="100"><subfield code="a">Wise,Edmund M</subfield></datafield><datafield ind1=" " ind2=" " tag="245"><subfield code="a">Palladium. recovery,properties and uses</subfield></datafield><datafield ind1=" " ind2=" " tag="260"><subfield code="a">New York, Academic Press, 1968. Xii + 187 P</subfield></datafield><datafield ind1=" " ind2=" " tag="852"><subfield code="a">28372</subfield></datafield></record></collection>